@article{10.1214/aos/1079120141,
author = {David R. Hunter},
title = {{MM algorithms for generalized Bradley-Terry models}},
volume = {32},
journal = {The Annals of Statistics},
number = {1},
publisher = {Institute of Mathematical Statistics},
pages = {384 -- 406},
keywords = {Bradley-Terry model, Luce's choice axiom, maximum likelihood estimation, MM algorithm, Newton-Raphson, Plackett-Luce model},
year = {2004},
doi = {10.1214/aos/1079120141},
URL = {https://doi.org/10.1214/aos/1079120141}
}
