@article{crooks2009logistic,
  title={Logistic approximation to the logistic-normal integral},
  author={Crooks, Gavin E},
  journal={Technical Report Lawrence Berkeley National Laboratory},
  year={2009},
  publisher={Citeseer}
}